{
  "leader": "01867cam a22004451i 4500",
  "fields": [
    {
      "001": "ocm01668769\\"
    },
    {
      "003": "OCoLC"
    },
    {
      "005": "20220106114750.0"
    },
    {
      "008": "780516s1959\\\\\\\\nyua\\\\\\\\\\\\\\\\\\\\000\\0\\eng\\\\"
    },
    {
      "010": {
        "ind1": "\\",
        "ind2": "\\",
        "subfields": [
          {
            "a": "   59002419 "
          }
        ]
      }
    },
    {
      "040": {
        "ind1": "\\",
        "ind2": "\\",
        "subfields": [
          {
            "a": "DLC"
          },
          {
            "b": "eng"
          },
          {
            "c": "INU"
          },
          {
            "d": "DLC"
          },
          {
            "d": "BUF"
          },
          {
            "d": "BTCTA"
          },
          {
            "d": "OCLCQ"
          },
          {
            "d": "OCLCG"
          },
          {
            "d": "OCLCA"
          },
          {
            "d": "OCLCQ"
          },
          {
            "d": "OCLCO"
          },
          {
            "d": "OCLCF"
          },
          {
            "d": "OCL"
          },
          {
            "d": "OCLCA"
          },
          {
            "d": "OCLCO"
          }
        ]
      }
    },
    {
      "035": {
        "ind1": "\\",
        "ind2": "\\",
        "subfields": [
          {
            "a": "(OCoLC)1668769"
          }
        ]
      }
    },
    {
      "043": {
        "ind1": "\\",
        "ind2": "\\",
        "subfields": [
          {
            "a": "n-us---"
          }
        ]
      }
    },
    {
      "050": {
        "ind1": "0",
        "ind2": "0",
        "subfields": [
          {
            "a": "E807"
          },
          {
            "b": ".J65 1959"
          }
        ]
      }
    },
    {
      "082": {
        "ind1": "0",
        "ind2": "0",
        "subfields": [
          {
            "a": "973.917092"
          },
          {
            "b": "JOS"
          }
        ]
      }
    },
    {
      "100": {
        "ind1": "1",
        "ind2": "\\",
        "subfields": [
          {
            "a": "Josephson, Emanuel M."
          },
          {
            "q": "(Emanuel Mann),"
          },
          {
            "d": "1895-"
          }
        ]
      }
    },
    {
      "245": {
        "ind1": "1",
        "ind2": "4",
        "subfields": [
          {
            "a": "The strange death of Franklin D. Roosevelt :"
          },
          {
            "b": "history of the Roosevelt-Delano dynasty, America's royal family /"
          },
          {
            "c": "Emanuel M. Josephson."
          }
        ]
      }
    },
    {
      "250": {
        "ind1": "\\",
        "ind2": "\\",
        "subfields": [
          {
            "a": "[New and rev. ed.]."
          }
        ]
      }
    },
    {
      "260": {
        "ind1": "\\",
        "ind2": "\\",
        "subfields": [
          {
            "a": "New York :"
          },
          {
            "b": "Chedney Press,"
          },
          {
            "c": "[1959]"
          }
        ]
      }
    },
    {
      "300": {
        "ind1": "\\",
        "ind2": "\\",
        "subfields": [
          {
            "a": "283 pages :"
          },
          {
            "b": "illustrations ;"
          },
          {
            "c": "22 cm."
          }
        ]
      }
    },
    {
      "336": {
        "ind1": "\\",
        "ind2": "\\",
        "subfields": [
          {
            "a": "text"
          },
          {
            "b": "txt"
          },
          {
            "2": "rdacontent"
          }
        ]
      }
    },
    {
      "337": {
        "ind1": "\\",
        "ind2": "\\",
        "subfields": [
          {
            "a": "unmediated"
          },
          {
            "b": "n"
          },
          {
            "2": "rdamedia"
          }
        ]
      }
    },
    {
      "338": {
        "ind1": "\\",
        "ind2": "\\",
        "subfields": [
          {
            "a": "volume"
          },
          {
            "b": "nc"
          },
          {
            "2": "rdacarrier"
          }
        ]
      }
    },
    {
      "490": {
        "ind1": "0",
        "ind2": "\\",
        "subfields": [
          {
            "a": "[\"Blacked out\" American history series]"
          }
        ]
      }
    },
    {
      "530": {
        "ind1": "\\",
        "ind2": "\\",
        "subfields": [
          {
            "a": "Also issued online."
          }
        ]
      }
    },
    {
      "600": {
        "ind1": "1",
        "ind2": "0",
        "subfields": [
          {
            "a": "Roosevelt, Franklin D."
          },
          {
            "q": "(Franklin Delano),"
          },
          {
            "d": "1882-1945."
          }
        ]
      }
    },
    {
      "600": {
        "ind1": "3",
        "ind2": "0",
        "subfields": [
          {
            "a": "Roosevelt family."
          }
        ]
      }
    },
    {
      "600": {
        "ind1": "3",
        "ind2": "0",
        "subfields": [
          {
            "a": "Delano family."
          }
        ]
      }
    },
    {
      "651": {
        "ind1": "\\",
        "ind2": "0",
        "subfields": [
          {
            "a": "United States"
          },
          {
            "x": "Politics and government"
          },
          {
            "y": "1933-1945."
          }
        ]
      }
    },
    {
      "600": {
        "ind1": "3",
        "ind2": "7",
        "subfields": [
          {
            "a": "Delano family."
          },
          {
            "2": "fast"
          },
          {
            "0": "(OCoLC)fst00245817"
          }
        ]
      }
    },
    {
      "600": {
        "ind1": "3",
        "ind2": "7",
        "subfields": [
          {
            "a": "Roosevelt family."
          },
          {
            "2": "fast"
          },
          {
            "0": "(OCoLC)fst00214712"
          }
        ]
      }
    },
    {
      "600": {
        "ind1": "1",
        "ind2": "7",
        "subfields": [
          {
            "a": "Roosevelt, Franklin D."
          },
          {
            "q": "(Franklin Delano),"
          },
          {
            "d": "1882-1945."
          },
          {
            "2": "fast"
          },
          {
            "0": "(OCoLC)fst00032031"
          }
        ]
      }
    },
    {
      "650": {
        "ind1": "\\",
        "ind2": "7",
        "subfields": [
          {
            "a": "Politics and government"
          },
          {
            "2": "fast"
          },
          {
            "0": "(OCoLC)fst01919741"
          }
        ]
      }
    },
    {
      "651": {
        "ind1": "\\",
        "ind2": "7",
        "subfields": [
          {
            "a": "United States."
          },
          {
            "2": "fast"
          },
          {
            "0": "(OCoLC)fst01204155"
          }
        ]
      }
    },
    {
      "648": {
        "ind1": "\\",
        "ind2": "7",
        "subfields": [
          {
            "a": "1933-1945"
          },
          {
            "2": "fast"
          }
        ]
      }
    },
    {
      "776": {
        "ind1": "0",
        "ind2": "8",
        "subfields": [
          {
            "i": "Online version:"
          },
          {
            "a": "Josephson, Emanuel M. (Emanuel Mann), b. 1895."
          },
          {
            "t": "Strange death of Franklin D. Roosevelt."
          },
          {
            "b": "[New and rev. ed.]."
          },
          {
            "d": "New York, Chedney Press [1959]"
          },
          {
            "w": "(OCoLC)558805849"
          }
        ]
      }
    },
    {
      "850": {
        "ind1": "\\",
        "ind2": "\\",
        "subfields": [
          {
            "a": "IEN"
          }
        ]
      }
    },
    {
      "994": {
        "ind1": "\\",
        "ind2": "\\",
        "subfields": [
          {
            "a": "Z0"
          },
          {
            "b": "NYRVC"
          }
        ]
      }
    },
    {
      "948": {
        "ind1": "\\",
        "ind2": "\\",
        "subfields": [
          {
            "h": "NO HOLDINGS IN NYRVC - 54 OTHER HOLDINGS"
          }
        ]
      }
    },
    {
      "999": {
        "ind1": "\\",
        "ind2": "\\",
        "subfields": [
          {
            "a": "00000000014409"
          }
        ]
      }
    }
  ]
}